<record><leader>00000cas a2200000 a 4500</leader><controlfield tag="001">10674822</controlfield><controlfield tag="008">840430c19649999nmudn ne      0   a0eng c</controlfield><controlfield tag="009">208</controlfield><datafield ind1=" " ind2=" " tag="010"><subfield code="a">sn 90057269 </subfield></datafield><datafield ind1=" " ind2=" " tag="040"><subfield code="a">IQU</subfield><subfield code="b">eng</subfield><subfield code="c">IQU</subfield><subfield code="d">MFN</subfield><subfield code="d">NVM</subfield><subfield code="d">NYS</subfield><subfield code="d">NSD</subfield><subfield code="d">CVF</subfield><subfield code="d">NYS</subfield><subfield code="d">ZP2</subfield><subfield code="d">OCLCQ</subfield><subfield code="d">ZP2</subfield><subfield code="d">OCLCF</subfield></datafield><datafield ind1=" " ind2=" " tag="012"><subfield code="m">1</subfield></datafield><datafield ind1="1" ind2=" " tag="022"><subfield code="a">1099-6052</subfield><subfield code="l">1099-6052</subfield><subfield code="2">1</subfield></datafield><datafield ind1="1" ind2=" " tag="029"><subfield code="a">AU@</subfield><subfield code="b">000020597446</subfield></datafield><datafield ind1=" " ind2=" " tag="032"><subfield code="a">213300</subfield><subfield code="b">USPS</subfield></datafield><datafield ind1=" " ind2=" " tag="032"><subfield code="a">016605</subfield><subfield code="b">USPS</subfield></datafield><datafield ind1=" " ind2=" " tag="042"><subfield code="a">pcc</subfield><subfield code="a">nsdp</subfield></datafield><datafield ind1=" " ind2=" " tag="043"><subfield code="a">n-us-nm</subfield></datafield><datafield ind1=" " ind2=" " tag="090"><subfield code="a">AN2</subfield><subfield code="b">.G3</subfield></datafield><datafield ind1="0" ind2=" " tag="130"><subfield code="a">Independent (Gallup, N.M.)</subfield></datafield><datafield ind1=" " ind2="0" tag="222"><subfield code="a">Independent</subfield><subfield code="b">(Gallup, N.M.)</subfield></datafield><datafield ind1="0" ind2="0" tag="245"><subfield code="a">Independent.</subfield></datafield><datafield ind1="1" ind2="7" tag="246"><subfield code="a">Gallup daily independent</subfield></datafield><datafield ind1="1" ind2=" " tag="246"><subfield code="i">Saturdays:</subfield><subfield code="a">Weekend Independent</subfield></datafield><datafield ind1=" " ind2=" " tag="260"><subfield code="a">Gallup, N.M. :</subfield><subfield code="b">[The Gallup Independent Co.,]</subfield></datafield><datafield ind1=" " ind2=" " tag="300"><subfield code="a">v. ;</subfield><subfield code="c">56 cm.</subfield></datafield><datafield ind1=" " ind2=" " tag="310"><subfield code="a">Daily (except Sunday)</subfield></datafield><datafield ind1="0" ind2=" " tag="362"><subfield code="a">Vol. 75, no. 236 (Oct. 16, 1964)-</subfield></datafield><datafield ind1=" " ind2=" " tag="500"><subfield code="a">"The truth well told."</subfield></datafield><datafield ind1=" " ind2=" " tag="580"><subfield code="a">Weekly ed.: The Navajo Nation messenger, &lt;1993&gt;.</subfield></datafield><datafield ind1=" " ind2="0" tag="650"><subfield code="a">Indians of North America</subfield><subfield code="z">New Mexico</subfield><subfield code="v">Newspapers.</subfield></datafield><datafield ind1=" " ind2="0" tag="651"><subfield code="a">Gallup (N.M.)</subfield><subfield code="v">Newspapers.</subfield></datafield><datafield ind1=" " ind2="0" tag="651"><subfield code="a">McKinley County (N.M.)</subfield><subfield code="v">Newspapers.</subfield></datafield><datafield ind1=" " ind2="7" tag="655"><subfield code="a">Newspapers.</subfield><subfield code="2">fast</subfield><subfield code="0">(OCoLC)fst01423814</subfield></datafield><datafield ind1=" " ind2="7" tag="650"><subfield code="a">Indians of North America.</subfield><subfield code="2">fast</subfield><subfield code="0">(OCoLC)fst00969633</subfield></datafield><datafield ind1=" " ind2="7" tag="651"><subfield code="a">New Mexico.</subfield><subfield code="2">fast</subfield><subfield code="0">(OCoLC)fst01204269</subfield></datafield><datafield ind1=" " ind2="7" tag="651"><subfield code="a">New Mexico</subfield><subfield code="z">Gallup.</subfield><subfield code="2">fast</subfield><subfield code="0">(OCoLC)fst01214321</subfield></datafield><datafield ind1=" " ind2="7" tag="651"><subfield code="a">New Mexico</subfield><subfield code="z">McKinley County.</subfield><subfield code="2">fast</subfield><subfield code="0">(OCoLC)fst01207916</subfield></datafield><datafield ind1=" " ind2=" " tag="752"><subfield code="a">United States</subfield><subfield code="b">New Mexico</subfield><subfield code="c">McKinley</subfield><subfield code="d">Gallup.</subfield></datafield><datafield ind1="1" ind2=" " tag="775"><subfield code="t">Navajo Nation messenger</subfield><subfield code="w">(DLC)sn 93063650</subfield><subfield code="w">(OCoLC)28682558</subfield></datafield><datafield ind1="0" ind2="0" tag="780"><subfield code="t">Gallup daily independent</subfield><subfield code="w">(DLC)sn 90057241</subfield><subfield code="w">(OCoLC)22238841</subfield></datafield></record>